@Manual{R-base,
  title = {R: A Language and Environment for Statistical Computing},
  author = {{R Core Team}},
  organization = {R Foundation for Statistical Computing},
  address = {Vienna, Austria},
  year = {2018},
  url = {https://www.R-project.org/},
}
@Manual{R-bookdown,
  title = {bookdown: Authoring Books and Technical Documents with R Markdown},
  author = {Yihui Xie},
  year = {2019},
  note = {R package version 0.12},
  url = {https://CRAN.R-project.org/package=bookdown},
}
@Manual{R-dampack,
  title = {dampack: Decision-Analytic Modeling Package},
  author = {Fernando Alarid-Escudero and Caleb Easterly and Eva Enns},
  year = {2019},
  note = {R package version 0.1.0},
}
@Manual{R-darthpack,
  title = {darthpack: Decision Modeling Coding Framework},
  author = {Fernando Alarid-Escudero and Eline Krijkamp and Petros Pechlivanoglou and Hawre Jalal and Szu-Yu Kao and Alan Yang and Eva Enns},
  note = {R package version 0.1.0},
  year = {2019},
}
@Manual{R-devtools,
  title = {devtools: Tools to Make Developing R Packages Easier},
  author = {Hadley Wickham and Jim Hester and Winston Chang},
  year = {2019},
  note = {R package version 2.1.0},
  url = {https://CRAN.R-project.org/package=devtools},
}
@Manual{R-dplyr,
  title = {dplyr: A Grammar of Data Manipulation},
  author = {Hadley Wickham and Romain François and Lionel Henry and Kirill Müller},
  year = {2019},
  note = {R package version 0.8.3},
  url = {https://CRAN.R-project.org/package=dplyr},
}
@Manual{R-ggplot2,
  title = {ggplot2: Create Elegant Data Visualisations Using the Grammar of Graphics},
  author = {Hadley Wickham and Winston Chang and Lionel Henry and Thomas Lin Pedersen and Kohske Takahashi and Claus Wilke and Kara Woo and Hiroaki Yutani},
  year = {2019},
  note = {R package version 3.2.0},
  url = {https://CRAN.R-project.org/package=ggplot2},
}
@Manual{R-IMIS,
  title = {IMIS: Increamental Mixture Importance Sampling},
  author = {Adrian Raftery and {Le Bao}},
  year = {2012},
  note = {R package version 0.1},
  url = {https://CRAN.R-project.org/package=IMIS},
}
@Manual{R-kableExtra,
  title = {kableExtra: Construct Complex Table with 'kable' and Pipe Syntax},
  author = {Hao Zhu},
  year = {2018},
  note = {R package version 0.9.0},
  url = {https://CRAN.R-project.org/package=kableExtra},
}
@Manual{R-knitr,
  title = {knitr: A General-Purpose Package for Dynamic Report Generation in R},
  author = {Yihui Xie},
  year = {2019},
  note = {R package version 1.23},
  url = {https://CRAN.R-project.org/package=knitr},
}
@Manual{R-lhs,
  title = {lhs: Latin Hypercube Samples},
  author = {Rob Carnell},
  year = {2018},
  note = {R package version 0.16},
  url = {https://CRAN.R-project.org/package=lhs},
}
@Manual{R-matrixStats,
  title = {matrixStats: Functions that Apply to Rows and Columns of Matrices (and to
Vectors)},
  author = {Henrik Bengtsson},
  year = {2018},
  note = {R package version 0.53.1},
  url = {https://CRAN.R-project.org/package=matrixStats},
}
@Manual{R-nlme,
  title = {nlme: Linear and Nonlinear Mixed Effects Models},
  author = {José Pinheiro and Douglas Bates and {R-core}},
  year = {2018},
  note = {R package version 3.1-137},
  url = {https://CRAN.R-project.org/package=nlme},
}
@Manual{R-plotrix,
  title = {plotrix: Various Plotting Functions},
  author = {Jim Lemon and Ben Bolker and Sander Oom and Eduardo Klein and Barry Rowlingson and Hadley Wickham and Anupam Tyagi and Olivier Eterradossi and Gabor Grothendieck and Michael Toews and John Kane and Rolf Turner and Carl Witthoft and Julian Stander and Thomas Petzoldt and Remko Duursma and Elisa Biancotto and Ofir Levy and Christophe Dutang and Peter Solymos and Robby Engelmann and Michael Hecker and Felix Steinbeck and Hans Borchers and Henrik Singmann and Ted Toal and Derek Ogle and Darshan Baral and Ulrike Groemping},
  year = {2018},
  note = {R package version 3.7-2},
  url = {https://CRAN.R-project.org/package=plotrix},
}
@Manual{R-png,
  title = {png: Read and write PNG images},
  author = {Simon Urbanek},
  year = {2013},
  note = {R package version 0.1-7},
  url = {https://CRAN.R-project.org/package=png},
}
@Manual{R-psych,
  title = {psych: Procedures for Psychological, Psychometric, and Personality
Research},
  author = {William Revelle},
  year = {2018},
  note = {R package version 1.8.4},
  url = {https://CRAN.R-project.org/package=psych},
}
@Manual{R-reshape2,
  title = {reshape2: Flexibly Reshape Data: A Reboot of the Reshape Package},
  author = {Hadley Wickham},
  year = {2017},
  note = {R package version 1.4.3},
  url = {https://CRAN.R-project.org/package=reshape2},
}
@Manual{R-rmarkdown,
  title = {rmarkdown: Dynamic Documents for R},
  author = {JJ Allaire and Yihui Xie and Jonathan McPherson and Javier Luraschi and Kevin Ushey and Aron Atkins and Hadley Wickham and Joe Cheng and Winston Chang and Richard Iannone},
  year = {2019},
  note = {R package version 1.14},
  url = {https://CRAN.R-project.org/package=rmarkdown},
}
@Manual{R-rstudioapi,
  title = {rstudioapi: Safely Access the RStudio API},
  author = {Kevin Ushey and JJ Allaire and Hadley Wickham and Gary Ritchie},
  year = {2019},
  note = {R package version 0.10},
  url = {https://CRAN.R-project.org/package=rstudioapi},
}
@Manual{R-scales,
  title = {scales: Scale Functions for Visualization},
  author = {Hadley Wickham},
  year = {2018},
  note = {R package version 1.0.0},
  url = {https://CRAN.R-project.org/package=scales},
}
@Manual{R-scatterplot3d,
  title = {scatterplot3d: 3D Scatter Plot},
  author = {Uwe Ligges and Martin Maechler and Sarah Schnackenberg},
  year = {2018},
  note = {R package version 0.3-41},
  url = {https://CRAN.R-project.org/package=scatterplot3d},
}
@Manual{R-shiny,
  title = {shiny: Web Application Framework for R},
  author = {Winston Chang and Joe Cheng and JJ Allaire and Yihui Xie and Jonathan McPherson},
  year = {2018},
  note = {R package version 1.2.0},
  url = {https://CRAN.R-project.org/package=shiny},
}
@Manual{R-survival,
  title = {survival: Survival Analysis},
  author = {Terry M Therneau},
  year = {2017},
  note = {R package version 2.41-3},
  url = {https://CRAN.R-project.org/package=survival},
}
@Manual{R-truncnorm,
  title = {truncnorm: Truncated Normal Distribution},
  author = {Olaf Mersmann and Heike Trautmann and Detlef Steuer and Björn Bornkamp},
  year = {2018},
  note = {R package version 1.0-8},
  url = {https://CRAN.R-project.org/package=truncnorm},
}

@Article{testthat,
    author = {Hadley Wickham},
    title = {testthat: Get Started with Testing},
    journal = {The R Journal},
    year = {2011},
    volume = {3},
    pages = {5--10},
    url = {https://journal.r-project.org/archive/2011-1/RJournal_2011-1_Wickham.pdf},
  }